%YAML 1.1
%TAG !u! tag:unity3d.com,2011:
--- !u!64 &6483719638891622964
MeshCollider:
  m_ObjectHideFlags: 0
  m_CorrespondingSourceObject: {fileID: 0}
  m_PrefabInstance: {fileID: 0}
  m_PrefabAsset: {fileID: 0}
  m_GameObject: {fileID: 1902348244647552742}
  m_Material: {fileID: 0}
  m_IsTrigger: 0
  m_Enabled: 1
  serializedVersion: 3
  m_Convex: 0
  m_CookingOptions: 14
  m_Mesh: {fileID: 0}
--- !u!64 &825013256665558357
MeshCollider:
  m_ObjectHideFlags: 0
  m_CorrespondingSourceObject: {fileID: 0}
  m_PrefabInstance: {fileID: 0}
  m_PrefabAsset: {fileID: 0}
  m_GameObject: {fileID: 2836568178544678091}
  m_Material: {fileID: 0}
  m_IsTrigger: 0
  m_Enabled: 1
  serializedVersion: 3
  m_Convex: 1
  m_CookingOptions: 14
  m_Mesh: {fileID: 1153159191922478106, guid: c6af851ace83da441b9eda45347ddfde, type: 3}
--- !u!64 &5256136508489718661
MeshCollider:
  m_ObjectHideFlags: 0
  m_CorrespondingSourceObject: {fileID: 0}
  m_PrefabInstance: {fileID: 0}
  m_PrefabAsset: {fileID: 0}
  m_GameObject: {fileID: 858070167895920800}
  m_Material: {fileID: 0}
  m_IsTrigger: 0
  m_Enabled: 1
  serializedVersion: 3
  m_Convex: 1
  m_CookingOptions: 14
  m_Mesh: {fileID: 1818937792640965257, guid: c6af851ace83da441b9eda45347ddfde, type: 3}
--- !u!64 &8418525351317742782
MeshCollider:
  m_ObjectHideFlags: 0
  m_CorrespondingSourceObject: {fileID: 0}
  m_PrefabInstance: {fileID: 0}
  m_PrefabAsset: {fileID: 0}
  m_GameObject: {fileID: 2815607528729692615}
  m_Material: {fileID: 0}
  m_IsTrigger: 0
  m_Enabled: 1
  serializedVersion: 3
  m_Convex: 1
  m_CookingOptions: 14
  m_Mesh: {fileID: -6619638658177629414, guid: c6af851ace83da441b9eda45347ddfde, type: 3}
--- !u!64 &7907562494780310000
MeshCollider:
  m_ObjectHideFlags: 0
  m_CorrespondingSourceObject: {fileID: 0}
  m_PrefabInstance: {fileID: 0}
  m_PrefabAsset: {fileID: 0}
  m_GameObject: {fileID: 8948406818993988859}
  m_Material: {fileID: 0}
  m_IsTrigger: 0
  m_Enabled: 1
  serializedVersion: 3
  m_Convex: 1
  m_CookingOptions: 14
  m_Mesh: {fileID: 6571506424998889177, guid: c6af851ace83da441b9eda45347ddfde, type: 3}
--- !u!64 &3814553738975582622
MeshCollider:
  m_ObjectHideFlags: 0
  m_CorrespondingSourceObject: {fileID: 0}
  m_PrefabInstance: {fileID: 0}
  m_PrefabAsset: {fileID: 0}
  m_GameObject: {fileID: 5285168434094558824}
  m_Material: {fileID: 0}
  m_IsTrigger: 0
  m_Enabled: 1
  serializedVersion: 3
  m_Convex: 1
  m_CookingOptions: 14
  m_Mesh: {fileID: -6666297184842096833, guid: c6af851ace83da441b9eda45347ddfde, type: 3}
--- !u!64 &5443755605533264097
MeshCollider:
  m_ObjectHideFlags: 0
  m_CorrespondingSourceObject: {fileID: 0}
  m_PrefabInstance: {fileID: 0}
  m_PrefabAsset: {fileID: 0}
  m_GameObject: {fileID: 3853723675210331466}
  m_Material: {fileID: 0}
  m_IsTrigger: 0
  m_Enabled: 1
  serializedVersion: 3
  m_Convex: 1
  m_CookingOptions: 14
  m_Mesh: {fileID: 973877516759717424, guid: c6af851ace83da441b9eda45347ddfde, type: 3}
--- !u!1001 &7586193382733610991
PrefabInstance:
  m_ObjectHideFlags: 0
  serializedVersion: 2
  m_Modification:
    m_TransformParent: {fileID: 0}
    m_Modifications:
    - target: {fileID: -927199367670048503, guid: c6af851ace83da441b9eda45347ddfde,
        type: 3}
      propertyPath: m_Name
      value: roundedtower Variant
      objectReference: {fileID: 0}
    - target: {fileID: -4216859302048453862, guid: c6af851ace83da441b9eda45347ddfde,
        type: 3}
      propertyPath: m_LocalPosition.x
      value: -25.6
      objectReference: {fileID: 0}
    - target: {fileID: -4216859302048453862, guid: c6af851ace83da441b9eda45347ddfde,
        type: 3}
      propertyPath: m_LocalPosition.y
      value: 20.3
      objectReference: {fileID: 0}
    - target: {fileID: -4216859302048453862, guid: c6af851ace83da441b9eda45347ddfde,
        type: 3}
      propertyPath: m_LocalPosition.z
      value: 65
      objectReference: {fileID: 0}
    - target: {fileID: -4216859302048453862, guid: c6af851ace83da441b9eda45347ddfde,
        type: 3}
      propertyPath: m_LocalRotation.x
      value: -0.7071068
      objectReference: {fileID: 0}
    - target: {fileID: -4216859302048453862, guid: c6af851ace83da441b9eda45347ddfde,
        type: 3}
      propertyPath: m_LocalRotation.y
      value: -0
      objectReference: {fileID: 0}
    - target: {fileID: -4216859302048453862, guid: c6af851ace83da441b9eda45347ddfde,
        type: 3}
      propertyPath: m_LocalRotation.z
      value: -0
      objectReference: {fileID: 0}
    - target: {fileID: -4216859302048453862, guid: c6af851ace83da441b9eda45347ddfde,
        type: 3}
      propertyPath: m_LocalRotation.w
      value: 0.7071068
      objectReference: {fileID: 0}
    - target: {fileID: -4216859302048453862, guid: c6af851ace83da441b9eda45347ddfde,
        type: 3}
      propertyPath: m_RootOrder
      value: 0
      objectReference: {fileID: 0}
    - target: {fileID: -4216859302048453862, guid: c6af851ace83da441b9eda45347ddfde,
        type: 3}
      propertyPath: m_LocalEulerAnglesHint.x
      value: 0
      objectReference: {fileID: 0}
    - target: {fileID: -4216859302048453862, guid: c6af851ace83da441b9eda45347ddfde,
        type: 3}
      propertyPath: m_LocalEulerAnglesHint.y
      value: 0
      objectReference: {fileID: 0}
    - target: {fileID: -4216859302048453862, guid: c6af851ace83da441b9eda45347ddfde,
        type: 3}
      propertyPath: m_LocalEulerAnglesHint.z
      value: 0
      objectReference: {fileID: 0}
    - target: {fileID: -4216859302048453862, guid: c6af851ace83da441b9eda45347ddfde,
        type: 3}
      propertyPath: m_LocalScale.x
      value: 3.9945
      objectReference: {fileID: 0}
    - target: {fileID: -4216859302048453862, guid: c6af851ace83da441b9eda45347ddfde,
        type: 3}
      propertyPath: m_LocalScale.y
      value: 3.9945037
      objectReference: {fileID: 0}
    - target: {fileID: -4216859302048453862, guid: c6af851ace83da441b9eda45347ddfde,
        type: 3}
      propertyPath: m_LocalScale.z
      value: 3.9945037
      objectReference: {fileID: 0}
    m_RemovedComponents: []
  m_SourcePrefab: {fileID: 100100000, guid: c6af851ace83da441b9eda45347ddfde, type: 3}
--- !u!1 &1902348244647552742 stripped
GameObject:
  m_CorrespondingSourceObject: {fileID: -927199367670048503, guid: c6af851ace83da441b9eda45347ddfde,
    type: 3}
  m_PrefabInstance: {fileID: 7586193382733610991}
  m_PrefabAsset: {fileID: 0}
--- !u!1 &2836568178544678091 stripped
GameObject:
  m_CorrespondingSourceObject: {fileID: 5627829422893853476, guid: c6af851ace83da441b9eda45347ddfde,
    type: 3}
  m_PrefabInstance: {fileID: 7586193382733610991}
  m_PrefabAsset: {fileID: 0}
--- !u!1 &858070167895920800 stripped
GameObject:
  m_CorrespondingSourceObject: {fileID: 7111158476990754639, guid: c6af851ace83da441b9eda45347ddfde,
    type: 3}
  m_PrefabInstance: {fileID: 7586193382733610991}
  m_PrefabAsset: {fileID: 0}
--- !u!1 &2815607528729692615 stripped
GameObject:
  m_CorrespondingSourceObject: {fileID: -3579061457715186136, guid: c6af851ace83da441b9eda45347ddfde,
    type: 3}
  m_PrefabInstance: {fileID: 7586193382733610991}
  m_PrefabAsset: {fileID: 0}
--- !u!1 &8948406818993988859 stripped
GameObject:
  m_CorrespondingSourceObject: {fileID: 1542678754970606356, guid: c6af851ace83da441b9eda45347ddfde,
    type: 3}
  m_PrefabInstance: {fileID: 7586193382733610991}
  m_PrefabAsset: {fileID: 0}
--- !u!1 &5285168434094558824 stripped
GameObject:
  m_CorrespondingSourceObject: {fileID: 2314606118951793031, guid: c6af851ace83da441b9eda45347ddfde,
    type: 3}
  m_PrefabInstance: {fileID: 7586193382733610991}
  m_PrefabAsset: {fileID: 0}
--- !u!1 &3853723675210331466 stripped
GameObject:
  m_CorrespondingSourceObject: {fileID: 6646398204452391589, guid: c6af851ace83da441b9eda45347ddfde,
    type: 3}
  m_PrefabInstance: {fileID: 7586193382733610991}
  m_PrefabAsset: {fileID: 0}
